
@online{aos-book,
    author = "Timothy Roscoe and the ETH Barrelfish team",
    title = "AOS Book",
    url = "https://www.systems.ethz.ch/sites/default/files/file/drupal6/courses/2020-spring/aos/book.pdf",
    addendum = "(accessed: 14.03.2020)"
}

